% Encoding: UTF-8
@ARTICLE{WorldHealthOrganisation, 
title = {Drowning},
publisher = {World Health Organisation},
author = {{World Health Organisation}},
year = {2020},
url = {https://www.who.int/news-room/fact-sheets/detail/drowning},
timestamp = {2020.02.03}
}

@BOOK{DigitalCameras,
title = {Understanding Digital Cameras},
publisher = {Elsevier},
author = {{Jon Tarrant}},
year = {2007},
url = {openlibrary.org/works/OL2174798W/Understanding_Digital_Cameras}
}

@PRODUCT{CheapDrone,
title = {TELLO},
author = {{Ryze Robotics}},
url = {https://www.ryzerobotics.com/tello/specs}
}

@RETAILER{CheapDroneOfficial,
 title = {Tello},
author = {{DJI Store}},
url = {https://store.dji.com/product/tello?from=menu_products&vid=38421}
}

@PRODUCT{Industrial,
title = {DSLRPros Matrice 210 + XT2 First Responder Thermal Kit},
author = {{DSLRPros}},
url = {https://www.dslrpros.com/matrice-210-first-responder-thermal-kit.html}
}

@PRODUCT{Litchi,
title = {Litchi - App},
author = {{VC Technology Ltd}},
url = {https://flylitchi.com}
}

@PRODUCT{DJIGo4,
title = {DJI Go 4 - App},
author = {{DJI}},
url = {https://www.dji.com/be/downloads/djiapp/dji-go-4}
}

@PRODUCT{MobileSDKDJI,
title = {Mobile SDK DJI},
author = {{DJI}},
url = {https://developer.dji.com/mobile-sdk/}
}

@PRODUCT{WindowsSDKDJI,
title = {Windows SDK DJI},
author = {{DJI}},
url = {https://developer.dji.com/windows-sdk/}
}

@PRODUCT{OnboardSDKDJI,
title = {Onboard SDK DJI},
author = {{DJI}},
url = {https://developer.dji.com/onboard-sdk/}
}

@PRODUCT{MavicPro,
title = {Mavic Pro},
author = {{DJI}},
url = {https://www.dji.com/be/mavic}
}

@IMAGE{MavicProImage,
title = {Mavic Pro Image},
author = {{Reichelt}},
url = {https://www.reichelt.com/magazin/nl/adembenemende-opnamen-dji-mavic-pro-cameradrone/}
}

@Comment{jabref-meta: databaseType:biblatex;}
