% Encoding: UTF-8
@ARTICLE{WorldHealthOrganisation, 
title = {Drowning},
publisher = {World Health Organisation},
author = {{World Health Organisation}},
year = {2020},
url = {https://www.who.int/news-room/fact-sheets/detail/drowning},
timestamp = {2020.02.03}
}

@ARTICLE{DronesAndDisaster,
title = {Cavalry to the rescue: drones fleet to help rescuers operations over disaster scenarios},
author = {Daniel CÃ¢mara},
publisher = {IEEE},
year = {2015},
url = {https://ieeexplore.ieee.org/abstract/document/7003421},
timestamp = {2015.01.08}
}

@ARTICLE{Mountains,
title = {The potential use of unmanned aircraft systems (drones) in mountain search and rescue operations},
author = {Muhammed, Fatih Beser and Suleyman, Turedi and Aynur, Sahin and Ozgur, Tatli and Mustafa, Cicek and Yunus, Karaca},
publisher = {Science Direct},
url = {https://www.sciencedirect.com/science/article/abs/pii/S0735675717307507},
year = {2017}
}

@ARTICLE{IR,
title = {Low Resolution Person Detection with a Moving Thermal Infrared Camera by Hot Spot Classification},
author = {Michael, Teutch and Thomas, Mueller and Marco, Huber and Juergen, Beyerer},
publisher = {IEEE},
year = {2014},
url = {https://ieeexplore.ieee.org/document/6909985}
}

@ARTICLE{Heat,
title = {Automatic detection, classification and tracking of objects in the ocean surface from UAVs using a thermal camera},
author = {Frederik S. Leira and Tor Arne Johansen and THOR I. Fossen},
publisher = {IEEE},
url = {https://ieeexplore.ieee.org/abstract/document/7119238},
year = {2015}
}

@ARTICLE{Classification,
title = {Introduction to Classification Algorithms},
author = {Upasana Priyadarshiny},
publisher = {DZone},
year = {2019},
url = {https://dzone.com/articles/introduction-to-classification-algorithms}
}

@Article{Night,
title = {Review of human detection techniques in night vision},
author = {Sonu Kumar Sharma and Radhika Agrawal and Snehil Srivastava and Dushyant Kumar Singh},
publisher = {ResearchGate},
year = {2017},
url = {https://www.researchgate.net/publication/323349108_Review_of_human_detection_techniques_in_night_vision}
}
@Comment{jabref-meta: databaseType:biblatex;}
